@misc{source-making,
  title = {Design Patterns},
  howpublished = {\url{https://sourcemaking.com/design\_patterns}}
}

@misc{sst,
    title = {The Structural Simulation Toolkit},
    howpublished = {\url{http://sst-simulator.org/}}
}

@misc{sst-repo,
    title = {sstsimulator/sst-core},
    howpublished = {\url{https://github.com/sstsimulator/sst-core}}
}
