@book{bird2009natural,
  title     = {Natural language processing with Python: analyzing text with the natural language toolkit},
  author    = {Bird, Steven and Klein, Ewan and Loper, Edward},
  year      = {2009},
  publisher = {" O'Reilly Media, Inc."}
}

@InProceedings{SciPyProceedings_11,
  author    = {Aric A. Hagberg and Daniel A. Schult and Pieter J. Swart},
  title     = {Exploring Network Structure, Dynamics, and Function using NetworkX},
  booktitle = {Proceedings of the 7th Python in Science Conference},
  pages     = {11-15},
  address   = {Pasadena, CA USA},
  year      = {2008},
  editor    = {Ga\"el Varoquaux and Travis Vaught and Jarrod Millman},
}

 @inbook{leskovec_rajaraman_ullman_2022,
  place     = {Cambridge etc.},
  title     = {3.3.5 Computing Minhash Signatures},
  booktitle = {Mining of Massive Datasets},
  publisher = {Cambridge University Press},
  author    = {Leskovec, Jurij and Rajaraman, Anand and Ullman, Jeffrey David},
  year      = {2022},
  pages     = {83-86}
}

 @misc{kollios,
  title     = {MIN-HASHING AND LOCALITY SENSITIVE HASHING},
  url       = {https://www.cs.bu.edu/~gkollios/cs660f19/Slides/minhashLSH.pdf},
  author    = {Kollios, George},
  pages     = {23-24}
}