@article{scikit-learn,
  title   = {Scikit-learn: Machine Learning in {P}ython},
  author  = {Pedregosa, F. and Varoquaux, G. and Gramfort, A. and Michel, V.
             and Thirion, B. and Grisel, O. and Blondel, M. and Prettenhofer, P.
             and Weiss, R. and Dubourg, V. and Vanderplas, J. and Passos, A. and
             Cournapeau, D. and Brucher, M. and Perrot, M. and Duchesnay, E.},
  journal = {Journal of Machine Learning Research},
  volume  = {12},
  pages   = {2825--2830},
  year    = {2011}
}

@inproceedings{Chen_2016,
  doi       = {10.1145/2939672.2939785},
  url       = {https://doi.org/10.1145%2F2939672.2939785},
  year      = 2016,
  month     = {aug},
  publisher = {{ACM}
               },
  author    = {Tianqi Chen and Carlos Guestrin},
  title     = {{XGBoost}},
  booktitle = {Proceedings of the 22nd {ACM} {SIGKDD} International Conference on Knowledge Discovery and Data Mining}
}