@article{wheel,
    ISSN = {00030996},
    URL = {http://www.jstor.org/stable/27857503},
    author = {Robert Plutchik},
    journal = {American Scientist},
    number = {4},
    pages = {344--350},
    publisher = {Sigma Xi, The Scientific Research Society},
    title = {The Nature of Emotions: Human emotions have deep evolutionary roots, a fact that may explain their complexity and provide tools for clinical practice},
    urldate = {2022-12-11},
    volume = {89},
    year = {2001}
}

@misc{spotify, 
    title={Web API reference: Spotify for developers}, 
    url={https://developer.spotify.com/documentation/web-api/reference/#/}, 
    journal={Home}
}

@article{Mohammad13,
	Author = {Mohammad, Saif M. and Turney, Peter D.},
	Journal = {Computational Intelligence},
	Number = {3},
	Pages = {436--465},
	Title = {Crowdsourcing a Word-Emotion Association Lexicon},
	Volume = {29},
	Year = {2013}
}

@inproceedings{LREC18-AIL,
    author = {Mohammad, Saif M.},
    title = {Word Affect Intensities},
    booktitle = {Proceedings of the 11th Edition of the Language Resources and Evaluation Conference (LREC-2018)},
    year = {2018},
    address={Miyazaki, Japan}
}

@inproceedings{vad-acl2018,
    title={Obtaining Reliable Human Ratings of Valence, Arousal, and Dominance for 20,000 English Words},
    author={Mohammad, Saif M.},
    booktitle={Proceedings of The Annual Conference of the Association for Computational Linguistics (ACL)},
    year={2018},
    address={Melbourne, Australia}
}

@inproceedings{inproceedings,
    author = {Yu, Liang-Chih and Lee, Lung-Hao and Hao, Shuai and Wang, Jin and He, Yunchao and Hu, Jun and Lai, K. and Zhang, Xuejie},
    year = {2016},
    month = {06},
    pages = {},
    title = {Building Chinese Affective Resources in Valence-Arousal Dimensions},
    doi = {10.18653/v1/N16-1066}
}