@misc{source-making,
  key          = {1},
  title        = {Design Patterns},
  howpublished = {\url{https://sourcemaking.com/design\_patterns}}
}

@misc{sst,
  key          = {2},
  title        = {The Structural Simulation Toolkit},
  howpublished = {\url{http://sst-simulator.org/}}
}

@misc{sst-repo,
  key          = {3},
  title        = {sstsimulator/sst-core},
  howpublished = {\url{https://github.com/sstsimulator/sst-core}}
}
